@misc{https://doi.org/10.48550/arxiv.2112.04291,
  doi = {10.48550/ARXIV.2112.04291},
  
  url = {https://arxiv.org/abs/2112.04291},
  
  author = {Yang, Keyu and Chen, Lu and Zeng, Zhihao and Gao, Yunjun},
  
  keywords = {Machine Learning (cs.LG), Distributed, Parallel, and Cluster Computing (cs.DC), FOS: Computer and information sciences, FOS: Computer and information sciences},
  
  title = {FastSGD: A Fast Compressed SGD Framework for Distributed Machine Learning},
  
  publisher = {arXiv},
  
  year = {2021},
  
  copyright = {arXiv.org perpetual, non-exclusive license}
}